@techreport{NormaIEC61850,
	author = {Ribeiro, R.R.R.},
	title = {Estudo da Norma IEC~61850},
	institution = {Universidade Federal de Campina Grande},
	address = {Campina Grande, Brazil},
	url = {http://dspace.sti.ufcg.edu.br:8080/jspui/bitstream/riufcg/18130/1/RODOLPHO%20RATHGE%20RANGEL%20RIBEIRO%20-%20TCC%20ENG.%20EL%C3%89TRICA%202010.pdf},
	year = {2010},
}


@inproceedings{Overview_of_IEC_61850_and_Benefits,
	author={Mackiewicz, R.E.},
	booktitle={2006 IEEE PES Power Systems Conference and Exposition}, 
	title={Overview of IEC 61850 and Benefits}, 
	year={2006},
	pages={623-630},
	doi={10.1109/PSCE.2006.296392},
}


@misc{History_Sample_Value,
	author={C. Tibor},
	title={History of IEC 61850 Sampled Values},
	url={https://www.linkedin.com/pulse/history-iec-61850-sampled-values-tibor-congo/},
	year={2022},
}


@mastersthesis{IEC61850_Diogo,
	author = {Saraiva, Diogo Emanuel Morgado},
	title = {IEC 61850 Routable GOOSE and SV profiles over IP Telecom Networks},
	school = {Universidade de Aveiro},
	address = {Aveiro, Portugal},
	year = {2018},
	url = {https://ria.ua.pt/handle/10773/25970},
}


@inproceedings{IEC61850_SEL_9_2,
	title={IEC 61850-9-2 process bus and its impact on power system protection and control reliability},
	author={Skendzic, Veselin and Ender, Ian and Zweigle, Greg and others},
	booktitle={proceedings of the 9th Annual Western Power Delivery Automation Conference, Spokane, WA},
	year={2007},
	url = {https://selinc.com/api/download/3479/},
}



@article{IEC61850_energies_N_N_Network,
	author = {Wannous, Kinan and Toman, Petr and Jurák, Viktor and Wasserbauer, Vojtěch},
	title = {Analysis of IEC 61850-9-2LE Measured Values Using a Neural Network},
	journal = {Energies},
	volume = {12},
	year = {2019},
	number = {9},
	article-number = {1618},
	url = {https://www.mdpi.com/1996-1073/12/9/1618},
	doi = {10.3390/en12091618}
}


@article{IEC61850_GE,
	author = {Mark Adamiak and Drew Baigent and Ralph Mackiewicz},
	title = {IEC 61850 Communication Networks and Systems In Substations: An Overview for Users},
	journal = {Protection \& Control Journal},
	year = {2009},
	url = {https://www.gegridsolutions.com/multilin/journals/issues/spring09/iec61850.pdf},
}


@mastersthesis{IEC61850_KTH,
	author = {Zhao, Pengcheng},
	title = {IEC 61850-9-2 Process Bus Communication Interface for Light Weight Merging Unit Testing Environment},
	school = {KTH Royal Institute of Technology},
	address = {Stockholm, Sweden},
	year = {2012},
}	

@article{IEC61850_HAL,
	Author = {M. Stéphane and T. Jean-Marc},
	Title = {Real-Time Performance and Security of IEC 61850 Process Bus Communications},
	Url = {https://hal.science/hal-03192264/file/5711-Research%20Article-23495-1-10-20210407.pdf},
	Year = {2021},
}

@techreport{iec61850,
	author = {International Electrotechnical Comission},
	title = {IEC 61850 Communication Networks and Systems for Power Utility Automation},
	institution  = {{International Electrotechnical Commission (IEC)}},
	year = {2003},
	url = {https://webstore.iec.ch/publication/6028},
}


@inproceedings{Testing_IEC_61850_MU,
	title={Testing IEC 61850 Merging Units},
	author={Yang, Qiaoyin and Keckalo, David and Dolezilek, David and Cenzon, Ed},
	booktitle={44th Annual Western Protective Relay Conference},
	year={2017}
}



@inproceedings{edisonperformance,
	title={Performance of IEC 61850 Sampled Values Relays for a Real-World Fault},
	author={Bettler, John and Mcdaniel, Ryan and Bowen, David},
	booktitle={49th Annual Western Protective Relay Conference},
	year={2022},
	city = {Washington},
	url = {https://esic.wsu.edu/documents/2023/10/western-protective-relay-conference-2022-performance-of-iec-61850-sampled-values-relays-for-a-real-world-fault.pdf/},
}



@inproceedings{laporte2024adc,
	author={Laporte-Fauret, Baptiste and Ferré, Guillaume and Dallet, Dominique and Minger, Bryce and Fuché, Loïc},
	booktitle={2018 25th IEEE International Conference on Electronics, Circuits and Systems (ICECS)}, 
	title={ADC Resolution for Simultaneous Reception of Two Signals with High Dynamic Range}, 
	year={2018},
	pages={729-732},
	doi={10.1109/ICECS.2018.8617945}
}


@article{hussain2024security,
	author={Hussain, S. M. Suhail and Aftab, Mohd Asim and Farooq, Shaik Mullapathi and Ali, Ikbal and Ustun, Taha Selim and Konstantinou, Charalambos},
	journal={IEEE Open Access Journal of Power and Energy}, 
	title={An Effective Security Scheme for Attacks on Sample Value Messages in IEC 61850 Automated Substations}, 
	year={2023},
	volume={10},
	number={},
	pages={304-315},
	doi={10.1109/OAJPE.2023.3255790}
}


@manual{uca2024guideline,
	Author = {{UCA International Users Group}},
	Title = {Implementation Guideline for Digital Interface to Instrument Transformers Using IEC 61850-9-2},
	Address = {10604 Candler Falls Court, Raleigh, NC 27614},
	Organization = {UCA International Users Group},
	Year = {2024},
	Url = {http://www.ucainternational.org},
	Note = {Tel: +919-847-2241, Fax: +919-847-2939}
}




@article{kumar2024iec,
	AUTHOR = {Kumar, Shantanu and Abu-Siada, Ahmed and Das, Narottam and Islam, Syed},
	TITLE = {Review of the Legacy and Future of IEC 61850 Protocols Encompassing Substation Automation System},
	JOURNAL = {Electronics},
	VOLUME = {12},
	YEAR = {2023},
	NUMBER = {15},
	ARTICLE-NUMBER = {3345},
	URL = {https://www.mdpi.com/2079-9292/12/15/3345},
	ISSN = {2079-9292},
	DOI = {10.3390/electronics12153345}
}



@article{wannous2019iec,
	Author = {Kinan Wannous and Petr Toman and Viktor Jurák and Vojtěch Wasserbauer},
	Title = {Analysis of IEC 61850-9-2LE Measured Values Using a Neural Network},
	Year = {2019},
	Url = {https://www.mdpi.com/1996-1073/12/9/1618},
}

@article{elhariri2019iec,
	Author = {Mohamad El Hariri and Eric Harmon and Tarek Youssef and Mahmoud Saleh and Hany Habib and Osama Mohammed},
	Title = {The IEC 61850 Sampled Measured Values Protocol: Analysis, Threat Identification, and Feasibility of Using NN Forecasters to Detect Spoofed Packets},
	Year = {2019},
	Url = {https://ieeexplore.ieee.org/document/8783253},
}

@article{adamiak2019iec,
	Author = {Mark Adamiak and Drew Baigent and Ralph Mackiewicz},
	Title = {IEC 61850 Communication Networks and Systems in Substations: An Overview for Users},
	Url = {https://www.gevernova.com/grid-solutions/multilin/journals/issues/spring09/iec61850.pdf},
}

@article{baumgartner2024iec,
	Author = {Bernhard Baumgartner and Christian Riesch and Wolfgang Schenk},
	Title = {IEC 61850-9-3: Will Simplicity Supersede Complexity?},
	Url = {https://www.omicron-lab.com/fileadmin/assets/Precision-Timing/Knowledge_Applications/Article_IEC_61850-9-3/IEC_61850-9-3_-_Will_simplicity_supersede_complexity_.pdf},
}

@article{galkin2024microcomputer,
	Author = {Nikolai Galkin and Chen-Wei Yang and Nicholas Etherden and Valeriy Vyatkin},
	Title = {Microcomputer Prototyping of IEC61850-9-2 with Performance Analysis},
	Year = {2023},
	Url = {https://ltu.diva-portal.org/smash/record.jsf?pid=diva2%3A1825382\&dswid=-5158},
}

@phdthesis{chen2016performance,
	Author = {Xi Chen},
	Title = {Performance Analysis of IEC 61850 Process Bus and Interoperability Test among Multi-Vendor System},
	Year = {2016},
	Url = {https://research.manchester.ac.uk/en/studentTheses/performance-analysis-of-iec-61850-process-bus-and-interoperabilit},
}

@article{blair2024openplatform,
	Author = {Steven M. Blair and Federico Coffele and Campbell D. Booth and Graeme M. Burt},
	Title = {An Open Platform for Rapid-Prototyping Protection and Control Schemes with IEC 61850},
	Year = {2013},
	Url = {https://ieeexplore.ieee.org/document/6479251},
}

@article{konka2024traffic,
	Author = {Jakub W. Konka and Colin M. Arthur and Francisco J. Garcia and Robert C. Atkinson},
	Title = {Traffic Generation of IEC 61850 Sampled Values},
	Year = {2011},
	Url = {https://personal.strath.ac.uk/robert.c.atkinson/papers/sgms2011.pdf},
}

@article{wannous2024sharing,
	author    = {Kinan Wannous and Petr Toman},
	title     = {Sharing Sampled Values Between Two Protection Relays According to Standard IEC 61850-9-2LE},
	year      = {2019},
	Url = {https://www.mdpi.com/1996-1073/12/9/1618},
}

@online{Tekvel,
	author    = {Tekvel Blog},
	title     = {Disrespectful Sampled Values subscriber behaviour},
	year      = {2024},
	url       = {https://tekvel.com/en/web/blog/post/disrespectful-sv-subscriber-behaviour/},
	note      = {Accessed: 2024-08-15},
}

@article{wang2024intelligent,
	author    = {Wang Wei-ming and Duan Xiong-ying and Luo Yan},
	title     = {The Research and Development of an Intelligent Merging Unit Based on IEC61850-9-2},
	year      = {2011}, 
	Url = {https://ieeexplore.ieee.org/document/5994084},
}

@article{ren2022differential,
	author    = {Xiang Ren and Tianxiao Huang and Guangming Xin and Xiaofei Wang and Lu Zhang and Miao Liu},
	title     = {A New Differential Protection for Transmission Lines Connecting Renewable Energy Sources to MMC-HVDC Converter Stations Based on Dynamic Time Warping Algorithm},
	year      = {2022},
	Url = {https://ieeexplore.ieee.org/stamp/stamp.jsp?tp=\&arnumber=9952282}
}

@article{yang2015asynchronous,
	author    = {Yanting Yang and Yan Liang and Yanbo Yang and Yuemei Qin},
	title     = {Asynchronous Track-to-Track Association Algorithm Based on Dynamic Time Warping Distance},
	journal   = {Journal of Information Fusion},
	year      = {2015},
	Url = {https://ieeexplore.ieee.org/stamp/stamp.jsp?tp=\&arnumber=7260378}
}

@INPROCEEDINGS{janne2013switchgear,
	
	author={Starck, Janne and Wimmer, Wolfgang and Majer, Karol},
	
	booktitle={22nd International Conference and Exhibition on Electricity Distribution (CIRED 2013)}, 
	
	title={Switchgear optimization using IEC 61850-9-2}, 
	
	year={2013},
	
	volume={},
	
	number={},
	
	pages={1-4},
	
	keywords={},
	
	doi={10.1049/cp.2013.0616}}



